<Document xmlns="urn:iso:std:iso:20022:tech:xsd:camt.053.001.03">
  <BkToCstmrStmt>
    <GrpHdr>
      <MsgId>RE<?= substr($vars['id'],2)?></MsgId>
      <CreDtTm>2015-10-13T17:01:23</CreDtTm>
      <MsgPgntn>
        <PgNb>1</PgNb>
        <LastPgInd>true</LastPgInd>
      </MsgPgntn>
    </GrpHdr>
    <Stmt>
      <Id>T2SMsgRef</Id>
      <CreDtTm>2015-10-13T17:01:23</CreDtTm>
      <FrToDt>
        <FrDtTm>2015-10-12T19:30:00</FrDtTm>
        <ToDtTm>2015-10-13T17:00:00</ToDtTm>
      </FrToDt>
      <Acct>
        <Id>
          <Othr>
            <Id>CFREURSOGEFRP0T2S000000000DCASOGE1</Id>
          </Othr>
        </Id>
        <Ccy>EUR</Ccy>
        <Ownr>
          <Id>
            <OrgId>
              <AnyBIC>SOGEFRP0T2S</AnyBIC>
            </OrgId>
          </Id>
        </Ownr>
        <Svcr>
          <FinInstnId>
            <BICFI>BDFEFRP0T2S</BICFI>
          </FinInstnId>
        </Svcr>
      </Acct>
      <Bal>
        <Tp>
          <CdOrPrtry>
            <Cd>OPBD</Cd>
          </CdOrPrtry>
        </Tp>
        <Amt Ccy="EUR">0</Amt>
        <CdtDbtInd>CRDT</CdtDbtInd>
        <Dt>
          <Dt>2015-10-13</Dt>
        </Dt>
      </Bal>
      <Bal>
        <Tp>
          <CdOrPrtry>
            <Cd>CLBD</Cd>
          </CdOrPrtry>
        </Tp>
        <Amt Ccy="EUR">5000000.00</Amt>
        <CdtDbtInd>CRDT</CdtDbtInd>
        <Dt>
          <Dt>2015-10-13</Dt>
        </Dt>
      </Bal>
      <Ntry>
        <NtryRef>POSTINGREF1</NtryRef>
        <Amt Ccy="EUR">3000000.00</Amt>
        <CdtDbtInd>CRDT</CdtDbtInd>
        <Sts>BOOK</Sts>
        <BookgDt>
          <DtTm>2015-10-13T11:40:21</DtTm>
        </BookgDt>
        <BkTxCd>
          <Prtry>
            <Cd>LIQT</Cd>
          </Prtry>
        </BkTxCd>
        <NtryDtls>
          <TxDtls>
            <Refs>
              <InstrId>INSTRRE1</InstrId>
              <TxId>T2SREF1</TxId>
            </Refs>
            <Amt Ccy="EUR">3000000.00</Amt>
            <CdtDbtInd>CRDT</CdtDbtInd>
          </TxDtls>
        </NtryDtls>
      </Ntry>
      <Ntry>
        <NtryRef>POSTINGREF2</NtryRef>
        <Amt Ccy="EUR">3000000.00</Amt>
        <CdtDbtInd>DBIT</CdtDbtInd>
        <Sts>BOOK</Sts>
        <BookgDt>
          <DtTm>2015-10-13T14:02:10</DtTm>
        </BookgDt>
        <BkTxCd>
          <Prtry>
            <Cd>LIQT</Cd>
          </Prtry>
        </BkTxCd>
        <NtryDtls>
          <TxDtls>
            <Refs>
              <TxId>T2SREF2</TxId>
              <ClrSysRef>T2SREF2</ClrSysRef>
            </Refs>
            <Amt Ccy="EUR">3000000.00</Amt>
            <CdtDbtInd>DBIT</CdtDbtInd>
          </TxDtls>
        </NtryDtls>
      </Ntry>
      <Ntry>
        <NtryRef>POSTINGREF3</NtryRef>
        <Amt Ccy="EUR">5000000.00</Amt>
        <CdtDbtInd>CRDT</CdtDbtInd>
        <Sts>BOOK</Sts>
        <BookgDt>
          <DtTm>2015-10-13T13:45:21</DtTm>
        </BookgDt>
        <BkTxCd>
          <Prtry>
            <Cd>SETT</Cd>
          </Prtry>
        </BkTxCd>
        <NtryDtls>
          <TxDtls>
            <Refs>
              <InstrId>INSTRRE3</InstrId>
              <TxId>T2SREF3</TxId>
              <AcctOwnrTxId>ACCTOWNREF1</AcctOwnrTxId>
              <AcctSvcrTxId>ACCTSVCRNREF2</AcctSvcrTxId>
              <MktInfrstrctrTxId>THIRDPTYREF4</MktInfrstrctrTxId>
              <PrcgId>T2SSETTREF3</PrcgId>
            </Refs>
            <Amt Ccy="EUR">5000000.00</Amt>
            <CdtDbtInd>CRDT</CdtDbtInd>
            <RltdPties>
              <Prtry>
                <Tp>CSD</Tp>
                <Pty>
                  <Id>
                    <OrgId>
                      <AnyBIC>SICVFRP0XXX</AnyBIC>
                    </OrgId>
                  </Id>
                </Pty>
              </Prtry>
              <Prtry>
                <Tp>Participant</Tp>
                <Pty>
                  <Id>
                    <OrgId>
                      <AnyBIC>CTPDBA20</AnyBIC>
                    </OrgId>
                  </Id>
                </Pty>
              </Prtry>
            </RltdPties>
          </TxDtls>
        </NtryDtls>
      </Ntry>
    </Stmt>
  </BkToCstmrStmt>
</Document>
